@misc{ODRLinfMod,
    author    = "Renato Iannella and Serena Villata",
    title     = "ODRL Information Model 2.2",
    url       = "https://www.w3.org/TR/odrl-model/"
}

@misc{LinkedDataInfo,
    author    = "Chris Bizer",
    title     = "LinkedData",
    url       = "https://www.w3.org/wiki/LinkedData"
}

@misc{ODRVocab,
    author    = "Renato Iannella and
Michael Steidl and
Stuart Myles and
Víctor Rodríguez-Doncel",
    title     = {ODRL Vocabulary \& Expression 2.2},
    url       = "https://www.w3.org/TR/odrl-vocab/"
}

@misc{ODRLBestPract,
    author    = "Benedict Whittam Smith and
Víctor Rodríguez-Doncel",
    title     = "ODRL Implementation Best Practices",
    url       = "https://w3c.github.io/odrl/bp//"
}

@misc{ODRLCV,
    author    = "Renato Iannell and Michael Steidl and Stuart Myles and Víctor Rodríguez-Doncel",
    title     = "ODRL Version 2.2 Ontology",
    url       = "https://www.w3.org/ns/odrl/2/"
}
